@book{Crockford:2008:JGP:1386753,
 author = {Crockford, Douglas},
 title = {JavaScript: The Good Parts},
 year = {2008},
 isbn = {0596517742},
 publisher = {O'Reilly Media, Inc.},
}

@book{Rauschmayer:2014:SJ:2614440,
 author = {Rauschmayer, Axel},
 title = {Speaking JavaScript},
 year = {2014},
 isbn = {1449365035, 9781449365035},
 edition = {1st},
 publisher = {O'Reilly Media, Inc.},
}

@book{Resig:2016:SJN:3099664,
 author = {Resig, John and Bibeault, Bear and Maras, Josip},
 title = {Secrets of the JavaScript Ninja},
 year = {2016},
 isbn = {1617292850, 9781617292859},
 edition = {2nd},
 publisher = {Manning Publications Co.},
 address = {Greenwich, CT, USA},
} 